
@string{academic = {Academic Press}}

@string{acmmathsoft = {{ACM} Trans. Math. Software}}

@string{acmpress = {{ACM} Press}}

@string{adamhilger = {Adam Hilger}}

@string{addisonwesley = {Addison-Wesley}}

@string{allynbacon = {Allyn and Bacon}}

@string{amermathmonthly = {Amer. Math. Monthly}}

@string{amersocio = {American Journal of Sociology}}

@string{amerstatassoc = {J. Amer. Statist. Assoc.}}

@string{ams = {American Mathematical Society}}

@string{amstrans = {Amer. Math. Soc. Transl.}}

@string{applmathcomp = {Appl. Math. Comput.}}

@string{birkhauser = {Birkha{\"u}ser}}

@string{bit = {{BIT}}}

@string{britstatpsych = {Brit. J. Math. Statist. Psych.}}

@string{bullams = {Bull. Amer. Math. Soc.}}

@string{cacm = {Commun. {ACM}}}

@string{cambridgepress = {Cambridge University Press}}

@string{canmathbull = {Canad. Math. Bull.}}

@string{chelsea = {Chelsea}}

@string{claredonpress = {Claredon Press}}

@string{compapplmath = {J. Comput. Appl. Math.}}

@string{compjour = {Comput. J.}}

@string{compphys = {J. Comput. Phys.}}

@string{compserv = {Comput. Surveys}}

@string{compstruct = {Comput. \& Structures}}

@string{compsyssci = {J. Comput. System Sci.}}

@string{computer = {{IEEE} Computer}}

@string{computing = {Computing}}

@string{contempmath = {Contemp. Math.}}

@string{crelle = {Crelle's Journal}}

@string{doverpub = {Dover Publications}}

@string{eyolles = {Eyolles}}

@string{giornalemath = {Giorn. Mat.}}

@string{holtrinehartwinston = {Holt, Rinehart and Winston}}

@string{ieeespec = {{IEEE} Spectrum}}

@string{ieeetransac = {{IEEE} Trans. Automat. Control}}

@string{ieeetransaeroelec = {{IEEE} Trans. Aerospace Electron. Systems}}

@string{ieeetranscomp = {{IEEE} Trans. Comput.}}

@string{imanumerana = {{IMA} J. Numer. Anal.}}

@string{infproclet = {Inform. Process. Lett.}}

@string{instmathapp = {J. Inst. Math. Appl.}}

@string{intcontrol = {Internat. J. Control}}

@string{interscience = {Interscience}}

@string{intnumereng = {Internat. J. Numer. Methods Engrg.}}

@string{intsuper = {Internat. J. Supercomputing Applic.}}

@string{jacm = {J. ACM}}

@string{johnshopkinspress = {The Johns Hopkins University Press}}

@string{johnwileysons = {John Wiley and Sons}}

@string{jresnatburstand = {J. Res. Nat. Bur. Standards}}

@string{jsiam = {J. Soc. Indust. Appl. Math.}}

@string{jsiamb = {J. Soc. Indust. Appl. Math. Ser. B Numer. Anal.}}

@string{kibernetika = {Kibernetika}}

@string{linalgapp = {Linear Algebra Appl.}}

@string{macmillan = {Macmillan}}

@string{mathanaappl = {J. Math. Anal. Appl.}}

@string{mathannalen = {Math. Ann.}}

@string{mathcomp = {Math. Comp.}}

@string{mathphys = {J. Math. Phys.}}

@string{mathscand = {Math. Scand.}}

@string{mathworks = {The Math Works Inc.}}

@string{mcgrawhill = {McGraw-Hill}}

@string{natburstd = {National Bureau of Standards}}

@string{northholland = {North-Holland}}

@string{numermath = {Numer. Math.}}

@string{oxfordpress = {Oxford University Press}}

@string{pacificmath = {Pacific J. Math.}}

@string{parcomputing = {Parallel Comput.}}

@string{pardistcomp = {J. Parallel and Distrib. Comput.}}

@string{pergamonpress = {Pergamon Press}}

@string{philmag = {Philos. Mag.}}

@string{plenumpress = {Plenum Press}}

@string{prenticehall = {Prentice-Hall}}

@string{procams = {Proc. Amer. Math. Soc.}}

@string{procieee = {Proc. {IEEE}}}

@string{procnas = {Proc. Nat. Acad. Sci. U. S. A.}}

@string{psychometrika = {Psychometrika}}

@string{quartapplmath = {Quart. Appl. Math.}}

@string{quartmath = {Quart. J. Math. Oxford Ser. (2)}}

@string{revueinststat = {Rev. Inst. Internat. Statist.}}

@string{siamalgmeth = {{SIAM} J. Algebraic Discrete Methods}}

@string{siamappmath = {{SIAM} J. Appl. Math.}}

@string{siamcomp = {{SIAM} J. Comput.}}

@string{siammatrix = {{SIAM} J. Matrix Anal. Appl.}}

@string{siamnumanal = {{SIAM} J. Numer. Anal.}}

@string{siampub = {{SIAM} Publications}}

@string{siamreview = {{SIAM} Rev.}}

@string{siamscistat = {{SIAM} J. Sci. Statist. Comput.}}

@string{signum = {{ACM} {SIGNUM} Newslett.}}

@string{softpracexp = {Software Prac. Experience}}

@string{springer = {Springer-Verlag}}

@string{statscience = {Statist. Sci.}}

@string{tablesaidscomp = {Math. Tables Aids Comput.}}

@string{techno = {Technometrics}}

@string{texaspress = {University of Texas Press}}

@string{transams = {Trans. Amer. Math. Soc.}}

@string{ussrcompmathphys = {{U. S. S. R.} Comput. Math. and Math. Phys.}}

@string{vannostrand = {Van Nostrand}}

@string{vlsicompsys = {J. {VLSI} Comput. Syst.}}

@string{whfreeman = {W. H. Freeman and Co.}}

@string{zangewmathmech = {Z. Angew. Math. Mech.}}

@string{zangewmathphys = {Z. Angew. Math. Phys.}}


@article{Katz:2015aa,
	Author = {Daniel M Katz and Arfon M Smith},
	Date-Added = {2016-01-05 07:44:29 +0000},
	Date-Modified = {2016-01-05 07:46:53 +0000},
	Doi = {10.5334/jors.by},
	Journal = {Journal of Open Research Software},
	Pages = {e7},
	Title = {{Transitive Credit} and {JSON-LD}},
	Volume = {3},
	Year = {2015}}
