
@string{academic = {Academic Press}}

@string{acmmathsoft = {{ACM} Trans. Math. Software}}

@string{acmpress = {{ACM} Press}}

@string{adamhilger = {Adam Hilger}}

@string{addisonwesley = {Addison-Wesley}}

@string{allynbacon = {Allyn and Bacon}}

@string{amermathmonthly = {Amer. Math. Monthly}}

@string{amersocio = {American Journal of Sociology}}

@string{amerstatassoc = {J. Amer. Statist. Assoc.}}

@string{ams = {American Mathematical Society}}

@string{amstrans = {Amer. Math. Soc. Transl.}}

@string{applmathcomp = {Appl. Math. Comput.}}

@string{birkhauser = {Birkha{\"u}ser}}

@string{bit = {{BIT}}}

@string{britstatpsych = {Brit. J. Math. Statist. Psych.}}

@string{bullams = {Bull. Amer. Math. Soc.}}

@string{cacm = {Commun. {ACM}}}

@string{cambridgepress = {Cambridge University Press}}

@string{canmathbull = {Canad. Math. Bull.}}

@string{chelsea = {Chelsea}}

@string{claredonpress = {Claredon Press}}

@string{compapplmath = {J. Comput. Appl. Math.}}

@string{compjour = {Comput. J.}}

@string{compphys = {J. Comput. Phys.}}

@string{compserv = {Comput. Surveys}}

@string{compstruct = {Comput. \& Structures}}

@string{compsyssci = {J. Comput. System Sci.}}

@string{computer = {{IEEE} Computer}}

@string{computing = {Computing}}

@string{contempmath = {Contemp. Math.}}

@string{crelle = {Crelle's Journal}}

@string{doverpub = {Dover Publications}}

@string{eyolles = {Eyolles}}

@string{giornalemath = {Giorn. Mat.}}

@string{holtrinehartwinston = {Holt, Rinehart and Winston}}

@string{ieeespec = {{IEEE} Spectrum}}

@string{ieeetransac = {{IEEE} Trans. Automat. Control}}

@string{ieeetransaeroelec = {{IEEE} Trans. Aerospace Electron. Systems}}

@string{ieeetranscomp = {{IEEE} Trans. Comput.}}

@string{imanumerana = {{IMA} J. Numer. Anal.}}

@string{infproclet = {Inform. Process. Lett.}}

@string{instmathapp = {J. Inst. Math. Appl.}}

@string{intcontrol = {Internat. J. Control}}

@string{interscience = {Interscience}}

@string{intnumereng = {Internat. J. Numer. Methods Engrg.}}

@string{intsuper = {Internat. J. Supercomputing Applic.}}

@string{jacm = {J. ACM}}

@string{johnshopkinspress = {The Johns Hopkins University Press}}

@string{johnwileysons = {John Wiley and Sons}}

@string{jresnatburstand = {J. Res. Nat. Bur. Standards}}

@string{jsiam = {J. Soc. Indust. Appl. Math.}}

@string{jsiamb = {J. Soc. Indust. Appl. Math. Ser. B Numer. Anal.}}

@string{kibernetika = {Kibernetika}}

@string{linalgapp = {Linear Algebra Appl.}}

@string{macmillan = {Macmillan}}

@string{mathanaappl = {J. Math. Anal. Appl.}}

@string{mathannalen = {Math. Ann.}}

@string{mathcomp = {Math. Comp.}}

@string{mathphys = {J. Math. Phys.}}

@string{mathscand = {Math. Scand.}}

@string{mathworks = {The Math Works Inc.}}

@string{mcgrawhill = {McGraw-Hill}}

@string{natburstd = {National Bureau of Standards}}

@string{northholland = {North-Holland}}

@string{numermath = {Numer. Math.}}

@string{oxfordpress = {Oxford University Press}}

@string{pacificmath = {Pacific J. Math.}}

@string{parcomputing = {Parallel Comput.}}

@string{pardistcomp = {J. Parallel and Distrib. Comput.}}

@string{pergamonpress = {Pergamon Press}}

@string{philmag = {Philos. Mag.}}

@string{plenumpress = {Plenum Press}}

@string{prenticehall = {Prentice-Hall}}

@string{procams = {Proc. Amer. Math. Soc.}}

@string{procieee = {Proc. {IEEE}}}

@string{procnas = {Proc. Nat. Acad. Sci. U. S. A.}}

@string{psychometrika = {Psychometrika}}

@string{quartapplmath = {Quart. Appl. Math.}}

@string{quartmath = {Quart. J. Math. Oxford Ser. (2)}}

@string{revueinststat = {Rev. Inst. Internat. Statist.}}

@string{siamalgmeth = {{SIAM} J. Algebraic Discrete Methods}}

@string{siamappmath = {{SIAM} J. Appl. Math.}}

@string{siamcomp = {{SIAM} J. Comput.}}

@string{siammatrix = {{SIAM} J. Matrix Anal. Appl.}}

@string{siamnumanal = {{SIAM} J. Numer. Anal.}}

@string{siampub = {{SIAM} Publications}}

@string{siamreview = {{SIAM} Rev.}}

@string{siamscistat = {{SIAM} J. Sci. Statist. Comput.}}

@string{signum = {{ACM} {SIGNUM} Newslett.}}

@string{softpracexp = {Software Prac. Experience}}

@string{springer = {Springer-Verlag}}

@string{statscience = {Statist. Sci.}}

@string{tablesaidscomp = {Math. Tables Aids Comput.}}

@string{techno = {Technometrics}}

@string{texaspress = {University of Texas Press}}

@string{transams = {Trans. Amer. Math. Soc.}}

@string{ussrcompmathphys = {{U. S. S. R.} Comput. Math. and Math. Phys.}}

@string{vannostrand = {Van Nostrand}}

@string{vlsicompsys = {J. {VLSI} Comput. Syst.}}

@string{whfreeman = {W. H. Freeman and Co.}}

@string{zangewmathmech = {Z. Angew. Math. Mech.}}

@string{zangewmathphys = {Z. Angew. Math. Phys.}}


@article{Stodden:2013aa,
	Author = {Victoria Stodden and Peixuan Guo and Zhaokun Ma},
	Date-Added = {2016-03-24 03:26:49 +0000},
	Date-Modified = {2016-03-24 03:27:49 +0000},
	Doi = {10.1371/journal.pone.0067111},
	Journal = {PLoS ONE},
	Number = {6},
	Pages = {e67111},
	Title = {Toward Reproducible Computational Research: An Empirical Analysis of Data and Code Policy Adoption by Journals},
	Volume = {8},
	Year = {2013}}

@techreport{Ahalt:2015ve,
	Author = {Ahalt, Stan and Carsey, Tom and Couch, Alva and Hooper, Rick and Ibanez, Luis and Idaszak, Ray and Jones, Matthew B and Lin, Jennifer and Robinson, Erin},
	Date-Added = {2016-03-24 03:16:20 +0000},
	Date-Modified = {2016-03-24 03:16:20 +0000},
	Institution = {National Science Foundation},
	Month = apr,
	Title = {{NSF} Workshop on Supporting Scientific Discovery through Norms and Practices for Software and Data Citation and Attribution},
	Year = {2015},
	Bdsk-Url-1 = {http://dl.acm.org/citation.cfm?id=2795624},
	note = {Available at: \url{http://dl.acm.org/citation.cfm?id=2795624}},
}

@article{Allen:2015ub,
	Author = {Allen, Alice and Berriman, G Bruce and DuPrie, Kimberly and Mink, Jessica and Nemiroff, Robert and Robitaille, Thomas and Shamir, Lior and Shortridge, Keith and Taylor, Mark and Teuben, Peter and Wallin, John},
	Date-Added = {2016-03-24 03:16:20 +0000},
	Date-Modified = {2016-03-24 03:16:20 +0000},
	Eprint = {http://arxiv.org/abs/1512.07919v1},
	Eprintclass = {cs.DL},
	Eprinttype = {arXiv},
	Month = dec,
	Title = {Improving Software Citation and Credit},
	Year = {2015},
	note={{\tt \href{http://arxiv.org/abs/1512.07919}{arXiv:1512.07919} [cs.DL]}},
}

@article{Chawla:2016te,
	Author = {Chawla, Dalmeet Singh},
	Date-Added = {2016-03-24 03:16:20 +0000},
	Date-Modified = {2016-03-24 03:16:20 +0000},
	Journal = {Nature},
	Month = jan,
	Pages = {115--116},
	Title = {{The unsung heroes of scientific software}},
	Volume = {529},
	Year = {2016}}

@inproceedings{Hannay:2009wp,
	Address = {Vancouver, BC},
	Author = {Hannay, Jo Erskine and Langtangen, Hans Petter and MacLeod, Carolyn and Pfahl, Dietmar and Singer, Janice and Wilson, Greg},
	Booktitle = {Proceedings of the 2009 ICSE Workshop on Software Engineering for Computational Science and Engineering},
	Date-Added = {2016-03-24 03:16:20 +0000},
	Date-Modified = {2016-03-24 03:25:31 +0000},
	Publisher = {IEEE},
    Location = {Vancouver, BC},
	Pages = {1--8},
	Series = {SECSE},
	Title = {How Do Scientists Develop and Use Scientific Software?},
	Year = {2009},
	doi = {10.1109/SECSE.2009.5069155}
}

@article{Merali:2010tw,
	Author = {Merali, Zeeya},
	Date-Added = {2016-03-24 03:16:20 +0000},
	Date-Modified = {2016-03-24 03:16:20 +0000},
	Journal = {Nature},
	Month = oct,
	Pages = {775--777},
	Title = {{Error: why scientific programming does not compute}},
	Volume = {467},
	Year = {2010}}

@article{Morin:2012hz,
	Author = {Morin, A and Urban, J and Adams, P D and Foster, I and Sali, A and Baker, D and Sliz, P},
	Date-Added = {2016-03-24 03:16:20 +0000},
	Date-Modified = {2016-03-24 03:16:20 +0000},
	Journal = {Science},
	Number = {6078},
	Pages = {159--160},
	Title = {Shining Light into Black Boxes},
	Volume = {336},
	Year = {2012},
	doi={10.1126/science.1218263},
}

@article{Sandve:2013gh,
	Author = {Sandve, Geir Kjetil and Nekrutenko, Anton and Taylor, James and Hovig, Eivind},
	Date-Added = {2016-03-24 03:16:20 +0000},
	Date-Modified = {2016-03-24 03:16:20 +0000},
	Journal = {PLoS Comp Biol},
	Month = oct,
	Number = {10},
	Pages = {e1003285},
	Title = {Ten Simple Rules for Reproducible Computational Research},
	Volume = {9},
	Year = {2013},
	doi={10.1371/journal.pcbi.1003285},
}

@inproceedings{Sufi:2014en,
	Address = {Edinburgh, United Kingdom},
	Author = {Sufi, Shoaib and Chue Hong, Neil P and Hettrick, Simon and Antonioletti, Mario and Crouch, Stephen and Hay, Alexander and Inupakutika, Devasena and Jackson, Mike and Pawlik, Aleksandra and Peru, Giacomo and Robinson, John and Les Carr and De Roure, David and Goble, Carole and Parsons, Mark},
	Booktitle = {Proceedings of the 1st ACM SIGPLAN Workshop on Reproducible Research Methodologies and New Publication Models in Computer Engineering},
    location = {Edinburgh, United Kingdom},
	Date-Added = {2016-03-24 03:16:20 +0000},
	Date-Modified = {2016-03-24 03:16:20 +0000},
	Month = jun,
	Pages = {2:1--2:4},
	Series = {TRUST '14},
    publisher = {ACM},
    acmid = {2618140},
	Title = {Software in Reproducible Research: Advice and Best Practice collected from experiences at the Collaborations Workshop},
	Year = {2014},
	Doi = {10.1145/2618137.2618140}}

@article{YaleLawSchoolRoundtableonDataandCodeSharing:2010wf,
	Author = {{Yale Law School Roundtable on Data and Code Sharing}},
	Date-Added = {2016-03-24 03:16:20 +0000},
	Date-Modified = {2016-03-24 03:16:20 +0000},
	Journal = {Comput. Sci. Eng.},
	Month = oct,
	Number = {5},
	Pages = {8--13},
	Title = {Reproducible Research: Addressing the need for data and code sharing in computational science},
	Volume = {12},
	Year = {2010},
	Doi = {10.1109/MCSE.2010.113}}

@article{Soergel:2015aa,
	Author = {David A W Soergel},
	Date-Added = {2016-03-23 13:50:35 +0000},
	Date-Modified = {2016-03-23 18:02:18 +0000},
	Journal = {F1000Research},
	Pages = {303},
	Title = {Rampant software errors may undermine scientific results [version 2; referees: 2 approved]},
	Volume = {3},
	Year = {2015},
	doi = {10.12688/f1000research.5930.2},
}

@article{Wilson:2014aa,
	Abstract = {<sec><title/><p>We describe a set of best practices for scientific software development, based on research and experience, that will improve scientists' productivity and the reliability of their software.</p></sec>},
	Author = {Wilson, Greg AND Aruliah, D. A. AND Brown, C. Titus AND Chue Hong, Neil P. AND Davis, Matt AND Guy, Richard T. AND Haddock, Steven H. D. AND Huff, Kathryn D. AND Mitchell, Ian M. AND Plumbley, Mark D. AND Waugh, Ben AND White, Ethan P. AND Wilson, Paul},
	Date-Added = {2016-03-23 01:48:30 +0000},
	Date-Modified = {2016-03-23 01:48:30 +0000},
	Doi = {10.1371/journal.pbio.1001745},
	Journal = {PLoS Biol},
	Number = {1},
	Pages = {e1001745},
	Title = {Best Practices for Scientific Computing},
	Volume = {12},
	Year = {2014}}

@inproceedings{ontosoft,
	Author = {Yolanda Gil and Varun Ratnakar and Daniel Garijo},
	Booktitle = {Proceedings of the Eighth ACM International Conference on Knowledge Capture (K-CAP)},
	Date-Added = {2016-03-23 01:30:36 +0000},
	Date-Modified = {2016-03-23 01:30:36 +0000},
	Month = {Oct.},
	Title = {OntoSoft: Capturing Scientific Software Metadata},
	Year = 2015,
    Doi = {10.1145/2815833.2816955}}

@article{10.1371/journal.pone.0136631,
	Author = {Huang, Yi-Hung AND Rose, Peter W. AND Hsu, Chun-Nan},
	Date-Added = {2016-03-23 01:30:36 +0000},
	Date-Modified = {2016-03-23 01:30:36 +0000},
	Journal = {PLoS ONE},
	Month = {08},
	Doi = {10.1371/journal.pone.0136631},
	Number = {8},
	Pages = {1--17},
	Publisher = {Public Library of Science},
	Title = {Citing a Data Repository: A Case Study of the Protein Data Bank},
	Volume = {10},
	Year = {2015}}

@book{lipson2011cite,
	Author = {Lipson, C.},
	Date-Added = {2016-03-23 01:30:36 +0000},
	Date-Modified = {2016-03-23 01:30:36 +0000},
	Isbn = {9780226484648},
	Lccn = {2010024721},
	Publisher = {University of Chicago Press},
	Series = {Chicago Guides to Writing, Editing, and Publishing},
	Title = {Cite Right, Second Edition: A Quick Guide to Citation Styles--MLA, APA, Chicago, the Sciences, Professions, and More},
	Year = {2011},
	Bdsk-Url-1 = {https://books.google.com/books?id=igNK-1GpZ4wC}}

@misc{mayernik_poster,
	Author = {Matthew Mayernik and Keith Maull and David Hart},
	Date-Added = {2016-03-23 01:30:36 +0000},
	Date-Modified = {2016-03-23 01:30:36 +0000},
	Howpublished = {\url{https://share.renci.org/SI2PI2015/2015_SI2PI_Posters/mayernik_SI2poster_Feb2015.pdf}},
	Note = {{Poster presented at NSF SI2 PI} Meeting, Arlington, VA, Accessed: 2016-03-03},
	Title = {Tracing the Use of Research Resources Using Persistent Citable Identifiers},
	Year = {2015}}

@misc{ssi-how-shalt-i-cite-thee,
	Author = {{Mike Jackson}},
	Date-Added = {2016-03-23 01:30:36 +0000},
	Date-Modified = {2016-03-23 01:30:36 +0000},
	Howpublished = {\url{http://www.software.ac.uk/blog/2014-07-30-oh-research-software-how-shalt-i-cite-thee}},
	Note = {Accessed: 2016-02-17},
	Title = {Oh research software, how shalt I cite thee?}}

@misc{ssi-how-to-cite,
	Author = {{Mike Jackson}},
	Date-Added = {2016-03-23 01:30:36 +0000},
	Date-Modified = {2016-03-23 01:30:36 +0000},
	Howpublished = {\url{http://www.software.ac.uk/how-cite-and-describe-software}},
	Note = {Accessed: 2016-02-17},
	Title = {How to cite and describe software}}

@misc{ssi-publish-or-be-damned,
	Author = {{Neil Chue Hong}},
	Date-Added = {2016-03-23 01:30:36 +0000},
	Date-Modified = {2016-03-23 01:30:36 +0000},
	Howpublished = {\url{http://www.software.ac.uk/blog/2011-05-02-publish-or-be-damned-alternative-impact-manifesto-research-software}},
	Note = {Accessed: 2016-02-17},
	Title = {Publish or be damned? An alternative impact manifesto for research software}}

@article{parsons_duerr_minster,
	Author = {Parsons, Mark A. and Duerr, Ruth and Minster, Jean-Bernard},
	Date-Added = {2016-03-23 01:30:03 +0000},
	Date-Modified = {2016-03-23 01:30:03 +0000},
	Issn = {2324-9250},
	Journal = {Eos, Transactions American Geophysical Union},
	Keywords = {Informatics, Science policy, Public Issues, informatics, citation},
	Doi = {10.1029/2010EO340001},
	Number = {34},
	Pages = {297--298},
	Title = {Data Citation and Peer Review},
	Volume = {91},
	Year = {2010}}

@article{10.7717/peerj-cs.1,
	Abstract = {
        Reproducibility and reusability of research results is an important concern in scientific communication and science policy. A foundational element of reproducibility and reusability is the open and persistently available presentation of research data. However, many common approaches for primary data publication in use today do not achieve sufficient long-term robustness, openness, accessibility or uniformity. Nor do they permit comprehensive exploitation by modern Web technologies. This has led to several authoritative studies recommending uniform direct citation of data archived in persistent repositories. Data are to be considered as first-class scholarly objects, and treated similarly in many ways to cited and archived scientific and scholarly literature. Here we briefly review the most current and widely agreed set of principle-based recommendations for scholarly data citation, the Joint Declaration of Data Citation Principles (JDDCP). We then present a framework for operationalizing the JDDCP; and a set of initial recommendations on identifier schemes, identifier resolution behavior, required metadata elements, and best practices for realizing programmatic machine actionability of cited data. The main target audience for the common implementation guidelines in this article consists of publishers, scholarly organizations, and persistent data repositories, including technical staff members in these organizations. But ordinary researchers can also benefit from these recommendations. The guidance provided here is intended to help achieve widespread, uniform human and machine accessibility of deposited data, in support of significantly improved verification, validation, reproducibility and re-use of scholarly/scientific data.
      },
	Author = {Starr, Joan and Castro, Eleni and Crosas, Merc{\`e} and Dumontier, Michel and Downs, Robert R. and Duerr, Ruth and Haak, Laurel L. and Haendel, Melissa and Herman, Ivan and Hodson, Simon and Hourcl{\'e}, Joe and Kratz, John Ernest and Lin, Jennifer and Nielsen, Lars Holm and Nurnberger, Amy and Proell, Stefan and Rauber, Andreas and Sacchi, Simone and Smith, Arthur and Taylor, Mike and Clark, Tim},
	Date-Added = {2016-03-23 01:29:51 +0000},
	Date-Modified = {2016-03-23 01:29:51 +0000},
	Issn = {2376-5992},
	Journal = {PeerJ Computer Science},
	Keywords = {Data citation, Machine accessibility, Data archiving, Data accessibility},
	Month = {5},
	Dou = {10.7717/peerj-cs.1},
	Pages = {e1},
	Title = {Achieving human and machine accessibility of cited data in scholarly publications},
	Volume = {1},
	Year = {2015}}

@article{VandeSompel2004,
	Author = {Herbert {Van de Sompel} and Sandy Payette and John Erickson and Carl Lagoze and Simeon Warner},
	Date-Added = {2016-03-23 01:29:44 +0000},
	Date-Modified = {2016-03-23 01:29:44 +0000},
	Journal = {D-Lib Magazine},
	Month = sep,
	Note = {\url{http://www.dlib.org/dlib/september04/vandesompel/09vandesompel.html}},
	Number = {9},
	Title = {Rethinking Scholarly Communication: Building the System that Scholars Deserve},
	Volume = {10},
	Year = 2004}

@misc{Depsy,
	Author = {Jason Priem and Heather Piwowar},
	Date-Added = {2016-01-17 18:56:31 +0000},
	Date-Modified = {2016-01-17 18:58:58 +0000},
	Howpublished = {\url{http://depsy.org}},
	Note = {Accessed: 2016-01-17},
	Title = {Depsy},
	Year = {2015}}

@misc{Libraries.io,
	Author = {Andrew Nesbitt and Mauro Pompilio},
	Date-Added = {2016-01-17 18:55:18 +0000},
	Date-Modified = {2016-01-17 19:03:49 +0000},
	Howpublished = {\url{https://libraries.io}},
	Note = {Accessed: 2016-01-17},
	Title = {{Libraries.io}},
	Year = {2016}}

@misc{Nature,
	Author = {{Nature Publishing Group}},
	Date-Added = {2016-01-14 17:32:33 +0000},
	Date-Modified = {2016-01-14 17:33:17 +0000},
	Howpublished = {\url{http://www.nature.com/nature/authors/gta/#a5.4}},
	Note = {Accessed: 2016-01-14},
	Title = {{Nature} Manuscript Formatting Guide}}

@misc{AAAS,
	Author = {{AAAS}},
	Date-Added = {2016-01-14 17:31:01 +0000},
	Date-Modified = {2016-01-14 17:32:19 +0000},
	Howpublished = {\url{http://www.sciencemag.org/site/feature/contribinfo/prep/res/refs.xhtml}},
	Note = {Accessed: 2016-01-14},
	Title = {Science Reference Style}}

@misc{PaperBadger,
	Author = {{Mozilla Science Lab}},
	Date-Added = {2016-01-13 07:14:55 +0000},
	Date-Modified = {2016-01-13 07:17:25 +0000},
	Howpublished = {\url{https://badges.mozillascience.org/}},
	Note = {Accessed: 2016-01-12},
	Title = {PaperBadger},
	Year = {2015}}

@misc{DataCitation2014,
	Address = {San Diego, CA},
	Author = {{FORCE11 Data Citation Synthesis Group}},
	Date-Added = {2016-01-13 07:09:40 +0000},
	Date-Modified = {2016-01-13 07:09:56 +0000},
	Dskeditor = {Maryann Martone},
	Howpublished = {\url{https://www.force11.org/group/joint-declaration-data-citation-principles-final}},
	Note = {Maryann Martone, Editor. Accessed: 2015-10-28},
	Publisher = {FORCE11},
	Title = {Joint Declaration of Data Citation Principles},
	Year = {2014}}

@misc{SoftwareCitation2016,
	Author = {{FORCE11 Software Citation Working Group}},
	Date-Modified = {2016-03-23 18:02:37 +0000},
	Dskeditor = {Arfon M. Smith and Daniel S.\ Katz and Kyle E.\ Niemeyer},
	Howpublished = {\LaTeX\ source available at \url{https://github.com/force11/force11-scwg/tree/master/sc-principles}},
	Note = {Arfon M. Smith, Daniel S.\ Katz, and Kyle E.\ Niemeyer, Editors. Draft document, Accessed: 2016-03-23},
	Publisher = {FORCE11},
	Title = {Software Citation Principles},
	Year = {2016}}

@misc{SCWG,
	Key = {{FORCE11 Software Citation Working Group}},
	Note = {\url{https://www.force11.org/group/software-citation-working-group}, Accessed: 2016-03-23},
	Title = {{FORCE11 Software Citation Working Group}},
	Year = {2015}}

@misc{AAS:2016,
	Author = {{American Astronomical Society}},
	Date-Added = {2016-01-13 06:41:30 +0000},
	Date-Modified = {2016-01-13 07:19:57 +0000},
	Howpublished = {\url{http://journals.aas.org/policy/software.html}},
	Month = jan,
	Note = {Accessed: 2016-01-12},
	Title = {Policy Statement on Software},
	Year = {2016}}

@misc{CodeMeta,
	Author = {Carl Boettiger and Matt Jones and Arfon M Smith and Yolanda Gil and Martin Fenner and Lars Holm Nielsen and Mark Hahnel and Abby Mayes and Kyle Niemeyer and Jennifer Lin and Alice Allen and Mercè Crosas and Ashley Sands and Neil Chue Hong},
	Date-Added = {2016-01-12 08:53:31 +0000},
	Date-Modified = {2016-01-13 07:19:34 +0000},
	Howpublished = {\url{http://codemeta.github.io/}},
	Note = {Accessed: 2016-04-10},
	Title = {{CodeMeta}},
	Year = {2016}}

@misc{GitHubZenodo,
	Author = {{GitHub Inc.}},
	Date-Added = {2014-04-14 00:00:00 +0000},
	Howpublished = {\url{https://guides.github.com/activities/citable-code/}},
	Note = {Accessed: 2016-01-17},
	Title = {Making Your Code Citable},
	Year = {2014}}

@article{WSSSPE2,
	Author = {Daniel S. Katz and Sou-Cheng T. Choi and Nancy Wilkins-Diehr and Neil {Chue Hong} and Colin C. Venters and James Howison and Frank J. Seinstra and Matthew Jones and Karen Cranston and Thomas L. Clune and Miguel de Val{-}Borro and Richard Littauer},
	Date-Added = {2016-01-12 08:45:29 +0000},
	Date-Modified = {2016-03-23 18:02:18 +0000},
	Journal = {Journal of Open Research Software},
	Number = {1},
	Pages = {e7},
	Title = {Report on the Second Workshop on Sustainable Software for Science: Practice and Experiences {(WSSSPE2)}},
	Volume = {4},
	Year = {2016},
	doi = {10.5334/jors.85},
}

@article{Downs:2015aa,
	Author = {Robert R Downs and W. Christopher Lenhardt and Erin Robinson and Ethan Davis and Nicholas Weber},
	Date-Added = {2016-01-11 23:52:08 +0000},
	Date-Modified = {2016-01-12 08:44:20 +0000},
	Journal = {Journal of Open Research Software},
	Pages = {e11},
	Title = {Community Recommendations for Sustainable Scientific Software},
	Volume = {3},
	Year = {2015},
    Doi = {10.5334/jors.bt}}

@article{Howison2015,
	Author = {Howison, James and Bullard, Julia},
	Date-Added = {2016-01-11 23:48:00 +0000},
	Date-Modified = {2016-01-13 07:35:26 +0000},
	Doi = {10.1002/asi.23538},
	Journal = {Journal of the Association for Information Science and Technology},
	Note = {In press},
	Title = {Software in the scientific literature: {Problems} with seeing, finding, and using software mentioned in the biology literature},
	Year = {2015}}

@techreport{wssspe2_petre,
	Author = {Marian Petre and Greg Wilson},
	Date-Added = {2016-01-11 21:43:45 +0000},
	Date-Modified = {2016-01-11 21:43:45 +0000},
	Institution = {arXiv},
	Note = {\url{http://arxiv.org/abs/1407.5648}},
	Number = {1407.5648},
	Title = {Code Review For and By Scientists},
	Year = {2014}}

@techreport{Knepley_WSSSPE,
	Author = {Matthew G. Knepley and Jed Brown and Lois Curfman McInnes and Barry Smith},
	Date-Added = {2016-01-11 21:38:56 +0000},
	Date-Modified = {2016-03-23 18:02:18 +0000},
	Institution = {figshare},
	Title = {Accurately Citing Software and Algorithms Used in Publications},
	Year = {2013},
    Doi = {10.6084/m9.figshare.785731.v1}}

@article{WSSSPE1,
	Author = {Daniel S. Katz and Sou-Cheng T. Choi and Hilmar Lapp and Ketan Maheshwari and Frank L\"{o}ffler and Matthew Turk and Marcus Hanwell and Nancy Wilkins-Diehr and James Hetherington and James Howison and Shel Swenson and Gabrielle Allen and Anne Elster and Bruce Berriman and Colin Venters},
	Date-Added = {2016-01-11 21:38:36 +0000},
	Date-Modified = {2016-01-12 08:44:20 +0000},
	Doi = {10.5334/jors.an},
	Issn = {2049-9647},
	Journal = {Journal of Open Research Software},
	Keywords = {sustainability; software development; policy; career paths},
	Number = {1},
	Pages = {e6},
	Title = {Summary of the First Workshop on Sustainable Software for Science: Practice and Experiences ({WSSSPE1})},
	Volume = {2},
	Year = {2014}}

@article{WSSSPE3,
	Author = {Daniel S. Katz and Sou-Cheng T. Choi and Kyle E. Niemeyer and James Hetherington and Frank L\"{o}ffler and Dan Gunter and Ray Idaszak and Steven R. Brandt and Mark A. Miller and Sandra Gesing and Nick D. Jones and Nicholas Weber and Gabrielle Allen and Colin C. Venters and Ethan Davis and Lorraine Hwang and Ilian Todorov and Abani Patra and Miguel de Val{-}Borro},
	Date-Added = {2016-01-11 21:38:20 +0000},
	Date-Modified = {2016-03-23 01:05:41 +0000},
	Journal = {Journal of Open Research Software},
	Note = {Submitted. Available at: \url{http://arxiv.org/abs/1602.02296}},
	Title = {Report on the Third Workshop on Sustainable Software for Science: Practice and Experiences {(WSSSPE3)}},
	Year = {2016}}

@misc{project_credit,
	Author = {{CASRAI}},
	Date-Added = {2016-01-11 21:37:13 +0000},
	Date-Modified = {2016-01-12 09:10:04 +0000},
	Howpublished = {\url{http://credit.casrai.org}},
	Month = oct,
	Note = {Accessed: 2016-01-11},
	Title = {Project {CR}edi{T}},
	Year = {2015}}

@article{Katz:2015aa,
	Author = {Daniel S. Katz and Arfon M Smith},
	Date-Added = {2016-01-05 07:44:29 +0000},
	Date-Modified = {2016-03-23 01:09:22 +0000},
	Doi = {10.5334/jors.by},
	Journal = {Journal of Open Research Software},
	Number = {1},
	Pages = {e7},
	Title = {{Transitive Credit} and {JSON-LD}},
	Volume = {3},
	Year = {2015}}

@misc{powl-citing-software,
	Author = {{Purdue Online Writing Lab}},
	Howpublished = {\url{https://owl.english.purdue.edu/owl/resource/560/10/}},
	Note = {Accessed: 2016-03-16},
	Title = {{Reference List: Electronic Sources (Web Publications)}},
	Year = {2015}}


@article{belter2014,
    author = {Belter, Christopher W.},
    journal = {PLoS ONE},
    publisher = {Public Library of Science},
    title = {Measuring the Value of Research Data: A Citation Analysis of Oceanographic Data Sets},
    year = {2014},
    month = {03},
    volume = {9},
    pages = {1--9},
    number = {3},
    doi = {10.1371/journal.pone.0092590}
}

@inproceedings{howison-herbsleb2011,
 author = {Howison, James and Herbsleb, James D.},
 title = {Scientific Software Production: Incentives and Collaboration},
 booktitle = {Proceedings of the ACM 2011 Conference on Computer Supported Cooperative Work},
 series = {CSCW '11},
 year = {2011},
 isbn = {978-1-4503-0556-3},
 location = {Hangzhou, China},
 pages = {513--522},
 doi = {10.1145/1958824.1958904},
 acmid = {1958904},
 publisher = {ACM},
 address = {New York, NY, USA},
 keywords = {scholarly publishing, scientific software, software development, software ecosystem},
}

@inproceedings{huang2013,
 author = {Huang, Xing and Ding, Xianghua and Lee, Charlotte P. and Lu, Tun and Gu, Ning},
 title = {Meanings and Boundaries of Scientific Software Sharing},
 booktitle = {Proceedings of the 2013 Conference on Computer Supported Cooperative Work},
 series = {CSCW '13},
 year = {2013},
 isbn = {978-1-4503-1331-5},
 location = {San Antonio, Texas, USA},
 pages = {423--434},
 doi = {10.1145/2441776.2441825},
 acmid = {2441825},
 publisher = {ACM},
 address = {New York, NY, USA},
 keywords = {scientific collaboration, software sharing},
}

@article{mcnaught2015,
 title={The Changing Publication Practices in Academia: Inherent Uses and Issues in Open Access and Online Publishing and the Rise of Fraudulent Publications},
 author={Keith McNaught},
 volume={18},
 issue={3},
 year={2015},
 month={Summer},
 doi={10.3998/3336451.0018.308},
 journal={The Journal of Electronic Publishing},
}

@article{Pan2015,
title = {Assessing the impact of software on science: A bootstrapped learning of software entities in full-text papers},
journal = {Journal of Informetrics},
volume = {9},
number = {4},
pages = {860--871},
year = {2015},
doi = {10.1016/j.joi.2015.07.012},
author = {Xuelian Pan and Erjia Yan and Qianqian Wang and Weina Hua},
}

@misc{swdatacite,
	Key = {Software and Data Citation Workshops},
	Howpublished = {\url{https://softwaredatacitation.org/}},
	Note = {Accessed: 2016-04-06},
	Title = {{Workshop on Supporting Scientific Discovery through Norms and Practices for Software and Data Citation and Attribution}}}

@misc{ssisoftwarecredit,
	Key = {SSI Software Credit},
	Howpublished = {\url{http://www.software.ac.uk/software-credit}},
	Note = {Accessed: 2016-04-06},
    Year = {2015},
	Title = {{Software Credit Workshop}}}

@misc{aas-software-index,
	Author = {Laura Nor\'en},
	Howpublished = {\url{http://astronomy-software-index.github.io/2015-workshop/}},
	Note = {Accessed: 2016-04-06},
    Year = {2015},
	Title = {Invitation to comment on a proposal for a cohesive research software citation-enabling platform}}

@misc{saga,
	Key = {{SAGA} Software Credit},
	Howpublished = {\url{https://geodynamics.org/cig/projects/saga/}},
	Note = {Accessed: 2016-04-06},
    Year = {2015},
	Title = {{Software for Science: Getting Credit for Code}}}

@misc{ssi-citation-files,
	Author = {Robin Wilson},
	Howpublished = {\url{http://www.software.ac.uk/blog/2013-09-02-encouraging-citation-software-introducing-citation-files}},
    Year = {2013},
	Note = {Accessed: 2016-04-06},
	Title = {Encouraging citation of software -- introducing {CITATION} files}}

@techreport{software-discovery-index,
	Author = {Owen White and Asif Dhar and Vivien Bonazzi and Jennifer Couch and Chris Wellington},
	Institution = {NIH},
	Key = {{Software Discovery Index Meeting Report}},
	Note = {\url{http://www.softwarediscoveryindex.org/}},
	Title = {{NIH} {S}oftware {D}iscovery {I}ndex {M}eeting {R}eport},
	Type = {Copy of archived content from final document},
	Year = {2014}}

@misc{rOpenSci-reviews,
    Author = {Noam Ross and Carl Boettiger and Jenny Bryan and Scott Chamberlain and Rich FitzJohn and Karthik Ram},
    Howpublished = {\url{http://ropensci.org/blog/2016/03/28/software-review}},
    Year = {2016},
    Note = {Accessed: 2016-04-06},
    Title = {Onboarding at {rOpenSci}: A Year in Reviews}
    }

@misc{nasaads,
	Author = {Alberto Accomazzi and Michael J Kurtz and Carolyn Stern Grant and Edwin Henneken and Donna Thompson and Roman Chyla and Alex Holachek and Jonathan Elliott},
	Howpublished = {\url{http://adswww.harvard.edu/}},
	Note = {Accessed: 2016-04-07},
	Title = {The {SAO}/{NASA} {Astrophysics Data System}},
	Year = {2016}}

@misc{ascl,
	Author = {{Astrophysics Source Code Library}},
	Howpublished = {\url{http://ascl.net}},
	Note = {Accessed: 2016-04-07},
    Year = {2016}}
